<?xml version="1.0" encoding="UTF-8"?><collection xmlns="http://www.loc.gov/MARC21/slim"><record><leader>00549nam--2200169-i-4500</leader><controlfield tag="001">000035960</controlfield><controlfield tag="002">20161230</controlfield><controlfield tag="005">20161230201040</controlfield><controlfield tag="008">060222s1000------------r-----000-0-eng-d</controlfield><datafield ind1=" " ind2=" " tag="040"><subfield code="a">IFIN-HH</subfield></datafield><datafield ind1=" " ind2=" " tag="080"><subfield code="a">539.1:539.1.074:539.163:533.53</subfield></datafield><datafield ind1="1" ind2=" " tag="110"><subfield code="a">Ortec</subfield></datafield><datafield ind1="1" ind2="0" tag="245"><subfield code="a">Experiments in nuclear science an 34</subfield><subfield code="b">Alpha, beta, gamma, x-ray, amd neutron detectors and associated electronics ; introduction to theory and basic appplications</subfield></datafield><datafield ind1=" " ind2=" " tag="260"><subfield code="b">Ortec</subfield><subfield code="c">1971</subfield></datafield><datafield ind1=" " ind2=" " tag="300"><subfield code="a">129P</subfield></datafield><datafield ind1=" " ind2=" " tag="852"><subfield code="a">36648</subfield><subfield code="c">539.1.07:539.1.08</subfield></datafield><datafield ind1=" " ind2=" " tag="CAT"><subfield code="a">Sys</subfield><subfield code="c">20111025</subfield><subfield code="h">110646</subfield></datafield></record></collection>